/Users/sm38679/Dropbox/Bibliog/scottAll5-BBL-URLdoi2024.bib